@book{adams1995hitchhiker,
  title={The Hitchhiker's Guide to the Galaxy},
  author={Adams, D.},
  isbn={9781417642595},
  url={http://books.google.com/books?id=W-xMPgAACAAJ},
  year={1995},
  publisher={San Val}
}

@article{Guo2017OnCO,
  title={On Calibration of Modern Neural Networks},
  author={Chuan Guo and Geoff Pleiss and Yu Sun and Kilian Q. Weinberger},
  journal={ArXiv},
  year={2017},
  volume={abs/1706.04599}
}
